<record><leader>00000cas a2200000 a 4500</leader><controlfield tag="001">12578355</controlfield><controlfield tag="008">850920d18931894ksuwr ne      0    0eng d</controlfield><datafield ind1=" " ind2=" " tag="010"><subfield code="a">sn 85066701 </subfield></datafield><datafield ind1=" " ind2=" " tag="040"><subfield code="a">KSH</subfield><subfield code="b">eng</subfield><subfield code="c">KSH</subfield><subfield code="d">NPT</subfield><subfield code="d">OCL</subfield><subfield code="d">OCLCQ</subfield></datafield><datafield ind1=" " ind2=" " tag="042"><subfield code="a">msc</subfield></datafield><datafield ind1="0" ind2="0" tag="245"><subfield code="a">Stevens County sentinel.</subfield></datafield><datafield ind1=" " ind2=" " tag="260"><subfield code="a">Woodsdale, Kan. :</subfield><subfield code="b">Ada McClure,</subfield><subfield code="c">1893-</subfield></datafield><datafield ind1=" " ind2=" " tag="300"><subfield code="a">v. :</subfield><subfield code="b">ill. ;</subfield><subfield code="c">54 cm.</subfield></datafield><datafield ind1=" " ind2=" " tag="310"><subfield code="a">Weekly</subfield></datafield><datafield ind1="0" ind2=" " tag="362"><subfield code="a">Vol. 6, no. 49 (Jan. 28, 1893)-</subfield></datafield><datafield ind1="1" ind2=" " tag="362"><subfield code="a">Ceased with Nov. 10, 1894 issue?</subfield></datafield><datafield ind1=" " ind2=" " tag="500"><subfield code="a">Published by A.A. Farmer, Jan. 13, 1894-</subfield></datafield><datafield ind1=" " ind2=" " tag="500"><subfield code="a">People's party.</subfield></datafield><datafield ind1=" " ind2=" " tag="752"><subfield code="a">United States</subfield><subfield code="b">Kansas</subfield><subfield code="c">Stevens</subfield><subfield code="d">Woodsdale.</subfield></datafield><datafield ind1=" " ind2=" " tag="752"><subfield code="a">United States</subfield><subfield code="b">Kansas</subfield><subfield code="c">Stevens</subfield><subfield code="d">Hugoton.</subfield></datafield><datafield ind1="0" ind2="0" tag="780"><subfield code="t">Tribune-sentinel</subfield><subfield code="w">(DLC)sn 85066696</subfield></datafield><datafield ind1="1" ind2=" " tag="029"><subfield code="a">AU@</subfield><subfield code="b">000022170035</subfield></datafield></record>